<?xml version="1.0" encoding="UTF-8"?><collection xmlns="http://www.loc.gov/MARC21/slim"><record><leader>00486nam--2200193-i-4500</leader><controlfield tag="001">000050249</controlfield><controlfield tag="002">20161230</controlfield><controlfield tag="005">20161230201048</controlfield><controlfield tag="008">060222s1000------------r-----000-0-rus-d</controlfield><datafield ind1=" " ind2=" " tag="040"><subfield code="a">IFIN-HH</subfield></datafield><datafield ind1=" " ind2=" " tag="041"><subfield code="a">rus</subfield></datafield><datafield ind1=" " ind2=" " tag="080"><subfield code="a">534.2:537.226.86</subfield></datafield><datafield ind1="1" ind2=" " tag="100"><subfield code="a">Balakirev, M.K</subfield></datafield><datafield ind1="1" ind2="0" tag="245"><subfield code="a">Volny v pezokristallah</subfield><subfield code="c">M.k. balakirev,i.a. gilinskii</subfield></datafield><datafield ind1=" " ind2=" " tag="260"><subfield code="a">Novosibirsk, Nauka, 1982</subfield></datafield><datafield ind1=" " ind2=" " tag="300"><subfield code="a">240 S</subfield></datafield><datafield ind1="1" ind2=" " tag="700"><subfield code="a">Gilinskii, I.A</subfield></datafield><datafield ind1=" " ind2=" " tag="852"><subfield code="a">71299</subfield><subfield code="c">534</subfield></datafield><datafield ind1=" " ind2=" " tag="CAT"><subfield code="a">Sys</subfield><subfield code="c">20101012</subfield><subfield code="h">133409</subfield></datafield></record></collection>